[gd_scene load_steps=13 format=2]

[ext_resource path="res://models/cat/cat.dae" type="PackedScene" id=1]

[sub_resource type="AnimationNodeAdd2" id=1]

filter_enabled = true
filters = [ "Armature", "Armature/Skeleton:Root" ]

[sub_resource type="AnimationNodeAnimation" id=2]

animation = "Idle-Loop"

[sub_resource type="AnimationNodeAnimation" id=3]

animation = "Moving-Loop"

[sub_resource type="AnimationNodeBlendTree" id=4]

graph_offset = Vector2( -241, 128.5 )
nodes/Add2/node = SubResource( 1 )
nodes/Add2/position = Vector2( 340, 80 )
"nodes/Animation 2/node" = SubResource( 2 )
"nodes/Animation 2/position" = Vector2( 0, 60 )
"nodes/Animation 3/node" = SubResource( 3 )
"nodes/Animation 3/position" = Vector2( 0, 216 )
nodes/output/position = Vector2( 800, 120 )
node_connections = [ "output", 0, "Add2", "Add2", 0, "Animation 2", "Add2", 1, "Animation 3" ]

[sub_resource type="AnimationNodeAnimation" id=5]

animation = "Idle-Loop"

[sub_resource type="AnimationNodeAnimation" id=6]

animation = "Idle-Loop"

[sub_resource type="AnimationNodeStateMachineTransition" id=7]

switch_mode = 2
auto_advance = true

[sub_resource type="AnimationNodeStateMachineTransition" id=8]

switch_mode = 2
auto_advance = true

[sub_resource type="AnimationNodeStateMachine" id=9]

states/BlendTree/node = SubResource( 4 )
states/BlendTree/position = Vector2( 250, 55 )
states/Idle-Loop/node = SubResource( 6 )
states/Idle-Loop/position = Vector2( 43, 150 )
"states/Idle-Loop 2/node" = SubResource( 5 )
"states/Idle-Loop 2/position" = Vector2( 457, 114 )
transitions = [ "Idle-Loop", "Idle-Loop 2", SubResource( 7 ), "Idle-Loop 2", "Idle-Loop", SubResource( 8 ) ]
start_node = "Idle-Loop"
end_node = "BlendTree"
graph_offset = Vector2( -90, 81 )

[sub_resource type="AnimationNodeStateMachinePlayback" id=10]


[sub_resource type="CapsuleShape" id=11]

radius = 0.754046
height = 0.956559

[node name="Cat" type="Spatial"]

[node name="Spatial" type="Spatial" parent="."]
transform = Transform( 1, 0, 0, 0, 1, 0, 0, 0, 1, 0, 0.573886, 0 )

[node name="RigidBody" type="RigidBody" parent="Spatial"]
transform = Transform( 1, 0, 0, 0, 1, 0, 0, 0, 1, 0, -0.488966, 0 )
axis_lock_angular_x = true
axis_lock_angular_z = true
linear_damp = 0.6
angular_damp = 1.1

[node name="AnimationTree" type="AnimationTree" parent="Spatial/RigidBody"]
tree_root = SubResource( 9 )
anim_player = NodePath("../CatImported/AnimationPlayer")
active = true
parameters/playback = SubResource( 10 )
parameters/BlendTree/Add2/add_amount = 1.0

[node name="CollisionShape" type="CollisionShape" parent="Spatial/RigidBody"]
transform = Transform( 1, 0, 0, 0, 1, 0, 0, 0, 1, 0, 0.622162, 0.254456 )
shape = SubResource( 11 )

[node name="CatImported" parent="Spatial/RigidBody" instance=ExtResource( 1 )]


[editable path="Spatial/RigidBody/CatImported"]
