[gd_scene load_steps=13 format=2]

[ext_resource path="res://DebugUi.tscn" type="PackedScene" id=1]
[ext_resource path="res://Player.tscn" type="PackedScene" id=2]
[ext_resource path="res://models/sofa/sofa.tscn" type="PackedScene" id=3]
[ext_resource path="res://models/flat/flat.tscn" type="PackedScene" id=4]
[ext_resource path="res://models/bottle/bottle.tscn" type="PackedScene" id=5]
[ext_resource path="res://Cat.tscn" type="PackedScene" id=6]
[ext_resource path="res://Interactible.gd" type="Script" id=7]
[ext_resource path="res://TvLight.gd" type="Script" id=8]
[ext_resource path="res://Game.gd" type="Script" id=9]

[sub_resource type="VisualScript" id=1]

data = {
"base_type": "Spatial",
"functions": [  ],
"signals": [  ],
"variables": [  ]
}

[sub_resource type="SphereShape" id=2]

radius = 2.14645

[sub_resource type="BoxShape" id=3]

extents = Vector3( 2.44312, 1, 3.61916 )

[node name="Spatial" type="Spatial"]

[node name="DebugUI" parent="." instance=ExtResource( 1 )]
margin_right = 78.0

[node name="Player" parent="." instance=ExtResource( 2 )]
editor/display_folded = true
transform = Transform( 1, 0, 0, 0, 1, 0, 0, 0, 1, 2.53673, 0, 5.10396 )

[node name="Camera" type="Camera" parent="Player/Body" index="2"]
transform = Transform( 1, 0, 0, 0, 0.372746, 0.927933, 0, -0.927933, 0.372746, 0, 10.3692, 3.02601 )

[node name="BakedLightmap" type="BakedLightmap" parent="."]
transform = Transform( 1, 0, 0, 0, 1, 0, 0, 0, 1, 0, 1.74338, 0 )
bake_extents = Vector3( 12.6197, 4.08207, 10 )

[node name="DirectionalLight" type="DirectionalLight" parent="."]
transform = Transform( 1, 0, 0, 0, 0.500685, 0.865629, 0, -0.865629, 0.500685, 0.0625553, 11.9895, 0.272517 )
light_energy = 0.26

[node name="AudioSources" type="Spatial" parent="."]
editor/display_folded = true

[node name="Doorbell" type="AudioStreamPlayer3D" parent="AudioSources"]
transform = Transform( 1, 0, 0, 0, 1, 0, 0, 0, 1, 0, 0, -7.91119 )
unit_db = 80.0

[node name="Microwave" type="AudioStreamPlayer3D" parent="AudioSources"]
transform = Transform( 1, 0, 0, 0, 1, 0, 0, 0, 1, 8.80609, 0, -8.63729 )

[node name="TV" type="AudioStreamPlayer3D" parent="AudioSources"]
transform = Transform( 1, 0, 0, 0, 1, 0, 0, 0, 1, -0.780067, 2.76302, 4.14269 )

[node name="StaticObjects" type="Spatial" parent="."]
editor/display_folded = true

[node name="Sofa2" parent="StaticObjects" instance=ExtResource( 3 )]
transform = Transform( -0.499987, 0, 0.00293153, 0, 0.5, 0, -0.00366442, 0, -0.399989, 3.49333, 0.523213, 4.17248 )

[node name="Flat" parent="StaticObjects" instance=ExtResource( 4 )]
editor/display_folded = true
transform = Transform( 1, 0, 0, 0, 1, 0, 0, 0, 1, -0.152893, 0.0530076, -0.151203 )

[node name="Entities" type="Spatial" parent="."]
script = SubResource( 1 )

[node name="Bottle" parent="Entities" instance=ExtResource( 5 )]
editor/display_folded = true
transform = Transform( 1, 0, 0, 0, 1, 0, 0, 0, 1, -1.52817, 1.19882, 0.647382 )
input_ray_pickable = false
touched_by_other_sound = NodePath("../../../Spatial/Entities/Bottle/Sound")

[node name="Cat" parent="Entities" instance=ExtResource( 6 )]
transform = Transform( -0.188609, 0, -0.982052, 0, 1, 0, 0.982052, 0, -0.188609, 2.77876, 0, 7.25479 )

[node name="TV" type="Spatial" parent="Entities" groups=[
"Interactibles",
]]
editor/display_folded = true
script = ExtResource( 7 )

[node name="Area" type="Area" parent="Entities/TV"]
editor/display_folded = true
transform = Transform( 1, 0, 0, 0, 1, 0, 0, 0, 1, 0, 1.55361, 3.9586 )

[node name="CollisionShape" type="CollisionShape" parent="Entities/TV/Area"]
shape = SubResource( 2 )

[node name="Light" type="SpotLight" parent="Entities/TV"]
transform = Transform( -4.37114e-08, 0.845663, -0.533718, 0, 0.533718, 0.845663, 1, 3.69651e-08, -2.33296e-08, -0.707528, 5.25851, 4.13128 )
light_energy = 4.04
spot_range = 7.74419
spot_angle = 36.9332
script = ExtResource( 8 )

[node name="FadeRect" type="ColorRect" parent="."]
margin_left = 3.60498
margin_right = 2233.6
margin_bottom = 1428.0
color = Color( 0, 0, 0, 1 )

[node name="Game" type="Spatial" parent="."]
script = ExtResource( 9 )

[node name="AreaHallway" type="Area" parent="."]
transform = Transform( 1, 0, 0, 0, 1, 0, 0, 0, 1, -0.354539, 1.13053, -3.05542 )

[node name="CollisionShape" type="CollisionShape" parent="AreaHallway"]
transform = Transform( 1, 0, 0, 0, 1, 0, 0, 0, 1, 0.403346, 4.76837e-07, -0.376085 )
shape = SubResource( 3 )

[connection signal="visibility_changed" from="Entities/TV/Light" to="Game" method="_on_Light_visibility_changed" binds= [ false ]]

[editable path="Player"]

[editable path="StaticObjects/Flat"]
